<?xml version="1.0"?>
<marc:collection xmlns:marc="http://www.loc.gov/MARC21/slim" xmlns:xsi="http://www.w3.org/2001/XMLSchema-instance" xsi:schemaLocation="http://www.loc.gov/MARC21/slim http://www.loc.gov/standards/marcxml/schema/MARC21slim.xsd">
   <marc:record type="Bibliographic">
      <marc:leader>01235cam a22003135  4500</marc:leader>
      <marc:controlfield tag="001">2752376</marc:controlfield>
      <marc:controlfield tag="003">NjP</marc:controlfield>
      <marc:controlfield tag="005">20130419145453.0</marc:controlfield>
      <marc:controlfield tag="008">871014s1967    iq       b    000 0 arard</marc:controlfield>
      <marc:datafield tag="024" ind1="7" ind2=" ">
         <marc:subfield code="a">princeton_aco000084</marc:subfield>
         <marc:subfield code="2">local</marc:subfield>
      </marc:datafield>
      <marc:datafield tag="035" ind1=" " ind2=" ">
         <marc:subfield code="a">(OCoLC)ocn178184507</marc:subfield>
      </marc:datafield>
      <marc:datafield tag="035" ind1=" " ind2=" ">
         <marc:subfield code="a">(OCoLC)ocm16852785</marc:subfield>
      </marc:datafield>
      <marc:datafield tag="040" ind1=" " ind2=" ">
         <marc:subfield code="a">WAU</marc:subfield>
         <marc:subfield code="c">PUL</marc:subfield>
         <marc:subfield code="d">PUL</marc:subfield>
      </marc:datafield>
      <marc:datafield tag="035" ind1=" " ind2=" ">
         <marc:subfield code="a">(OCoLC)178184507</marc:subfield>
      </marc:datafield>
      <marc:datafield tag="035" ind1=" " ind2=" ">
         <marc:subfield code="9">CNE4967TS</marc:subfield>
      </marc:datafield>
      <marc:datafield tag="035" ind1=" " ind2=" ">
         <marc:subfield code="a">(NjP)2752376</marc:subfield>
      </marc:datafield>
      <marc:datafield tag="079" ind1=" " ind2=" ">
         <marc:subfield code="a">ocm16852785</marc:subfield>
      </marc:datafield>
      <marc:datafield tag="049" ind1=" " ind2=" ">
         <marc:subfield code="a">PULL</marc:subfield>
      </marc:datafield>
      <marc:datafield tag="100" ind1="1" ind2=" ">
         <marc:subfield code="6">880-01</marc:subfield>
         <marc:subfield code="a">Tha&#x2BB;a&#x304;libi&#x304;, &#x2BB;Abd al-Malik ibn Muh&#x323;ammad,</marc:subfield>
         <marc:subfield code="d">961 or 2-1037 or 8.</marc:subfield>
      </marc:datafield>
      <marc:datafield tag="245" ind1="1" ind2="3">
         <marc:subfield code="6">880-02</marc:subfield>
         <marc:subfield code="a">al-Mutasha&#x304;bih,</marc:subfield>
         <marc:subfield code="c">li-Abi&#x304; Mans&#x323;u&#x304;r al-Tha&#x2BB;a&#x304;libi&#x304;, bi-tah&#x323;qi&#x304;q Ibra&#x304;hi&#x304;m al-Samarra&#x304;&#x2BC;i&#x304;.</marc:subfield>
      </marc:datafield>
      <marc:datafield tag="260" ind1=" " ind2=" ">
         <marc:subfield code="6">880-03</marc:subfield>
         <marc:subfield code="a">[Baghda&#x304;d,</marc:subfield>
         <marc:subfield code="b">Mat&#x323;ba&#x2BB;at al-H&#x323;uku&#x304;mah,</marc:subfield>
         <marc:subfield code="c">1967]</marc:subfield>
      </marc:datafield>
      <marc:datafield tag="504" ind1=" " ind2=" ">
         <marc:subfield code="a">Bibliography: p. 33.</marc:subfield>
      </marc:datafield>
      <marc:datafield tag="650" ind1=" " ind2="0">
         <marc:subfield code="a">Arabic language</marc:subfield>
         <marc:subfield code="x">Figures of speech.</marc:subfield>
      </marc:datafield>
      <marc:datafield tag="700" ind1="1" ind2=" ">
         <marc:subfield code="6">880-04</marc:subfield>
         <marc:subfield code="a">Sa&#x304;marra&#x304;&#x2BC;i&#x304;, Ibra&#x304;hi&#x304;m.</marc:subfield>
      </marc:datafield>
      <marc:datafield tag="880" ind1="1" ind2=" ">
         <marc:subfield code="6">100-01/r</marc:subfield>
         <marc:subfield code="a">&#x62B;&#x639;&#x627;&#x644;&#x628;&#x64A;&#x60C; &#x639;&#x628;&#x62F; &#x627;&#x644;&#x645;&#x644;&#x643; &#x628;&#x646; &#x645;&#x62D;&#x645;&#x62F;&#x60C;</marc:subfield>
         <marc:subfield code="d">961 or 2-1037 or 8.</marc:subfield>
      </marc:datafield>
      <marc:datafield tag="880" ind1="1" ind2="2">
         <marc:subfield code="6">245-02/r</marc:subfield>
         <marc:subfield code="a">&#x627;&#x644;&#x645;&#x62A;&#x634;&#x627;&#x628;&#x647;&#x60C;</marc:subfield>
         <marc:subfield code="c">&#x644;&#x627;&#x628;&#x64A; &#x645;&#x646;&#x635;&#x648;&#x631; &#x627;&#x644;&#x62B;&#x639;&#x627;&#x644;&#x628;&#x64A;&#x60C; &#x628;&#x62A;&#x62D;&#x642;&#x64A;&#x642; &#x627;&#x628;&#x631;&#x627;&#x647;&#x64A;&#x645; &#x627;&#x644;&#x633;&#x645;&#x631;&#x627;&#x626;&#x64A;.</marc:subfield>
      </marc:datafield>
      <marc:datafield tag="880" ind1=" " ind2=" ">
         <marc:subfield code="6">260-03/r</marc:subfield>
         <marc:subfield code="a">[&#x628;&#x63A;&#x62F;&#x627;&#x62F;&#x60C;</marc:subfield>
         <marc:subfield code="b">&#x645;&#x637;&#x628;&#x639;&#x629; &#x627;&#x644;&#x62D;&#x643;&#x648;&#x645;&#x629;&#x60C;</marc:subfield>
         <marc:subfield code="c">1967]</marc:subfield>
      </marc:datafield>
      <marc:datafield tag="880" ind1="1" ind2=" ">
         <marc:subfield code="6">700-04/r</marc:subfield>
         <marc:subfield code="a">&#x633;&#x627;&#x645;&#x631;&#x627;&#x626;&#x64A;&#x60C; &#x627;&#x628;&#x631;&#x627;&#x647;&#x64A;&#x645;.</marc:subfield>
      </marc:datafield>
      <marc:datafield tag="911" ind1=" " ind2=" ">
         <marc:subfield code="a">20000130</marc:subfield>
      </marc:datafield>
      <marc:datafield tag="994" ind1=" " ind2=" ">
         <marc:subfield code="a">C0</marc:subfield>
         <marc:subfield code="b">PUL</marc:subfield>
      </marc:datafield>
      <marc:datafield tag="999" ind1=" " ind2=" ">
         <marc:subfield code="a">2752376</marc:subfield>
      </marc:datafield>
   </marc:record>
</marc:collection>
